<record><leader>00000cas a22000007a 4500</leader><controlfield tag="001">11766382</controlfield><controlfield tag="008">850305d18981903wiudr ne      0    0eng d</controlfield><datafield ind1=" " ind2=" " tag="010"><subfield code="a">sn 85040289 </subfield></datafield><datafield ind1=" " ind2=" " tag="040"><subfield code="a">NPV</subfield><subfield code="b">eng</subfield><subfield code="c">NPV</subfield><subfield code="d">OCLCQ</subfield></datafield><datafield ind1=" " ind2=" " tag="042"><subfield code="a">msc</subfield></datafield><datafield ind1=" " ind2=" " tag="043"><subfield code="a">n-us-wi</subfield></datafield><datafield ind1=" " ind2=" " tag="045"><subfield code="a">w9x0</subfield></datafield><datafield ind1=" " ind2=" " tag="052"><subfield code="a">4123</subfield><subfield code="b">L2</subfield></datafield><datafield ind1="0" ind2=" " tag="130"><subfield code="a">Daily Republican and leader (La Crosse, Wis. : 1898)</subfield></datafield><datafield ind1="1" ind2="4" tag="245"><subfield code="a">The daily Republican and leader.</subfield></datafield><datafield ind1="1" ind2="7" tag="246"><subfield code="a">La Crosse daily Republican and leader</subfield></datafield><datafield ind1=" " ind2=" " tag="260"><subfield code="a">La Crosse, Wis. :</subfield><subfield code="b">W.R. Finch,</subfield><subfield code="c">1898-1903.</subfield></datafield><datafield ind1=" " ind2=" " tag="300"><subfield code="a">5 v. :</subfield><subfield code="b">ill.</subfield></datafield><datafield ind1=" " ind2=" " tag="310"><subfield code="a">Daily</subfield></datafield><datafield ind1="0" ind2=" " tag="362"><subfield code="a">Vol. 42, no. 221 (July 16, 1898)-v. 46, no. 313 (June 13, 1903).</subfield></datafield><datafield ind1=" " ind2=" " tag="500"><subfield code="a">Also published in weekly ed.</subfield></datafield><datafield ind1=" " ind2=" " tag="500"><subfield code="a">Editor: W.R. Finch.</subfield></datafield><datafield ind1=" " ind2=" " tag="530"><subfield code="a">Available on microfilm from The State Historical Society of Wisconsin.</subfield></datafield><datafield ind1=" " ind2=" " tag="752"><subfield code="a">United States</subfield><subfield code="b">Wisconsin</subfield><subfield code="c">La Crosse</subfield><subfield code="d">La Crosse.</subfield></datafield><datafield ind1="0" ind2="0" tag="780"><subfield code="t">Republican and leader (La Crosse, Wis. : 1890)</subfield><subfield code="w">(DLC)sn 85040288</subfield></datafield><datafield ind1="0" ind2="7" tag="785"><subfield code="t">Crosse daily press (La Crosse, Wis. : 1893)</subfield><subfield code="w">(DLC)sn 85040292</subfield></datafield><datafield ind1="0" ind2="7" tag="785"><subfield code="t">Crosse leader and press</subfield><subfield code="w">(DLC)sn 85040290</subfield></datafield><datafield ind1="1" ind2=" " tag="029"><subfield code="a">AU@</subfield><subfield code="b">000025798884</subfield></datafield></record>